<?xml version="1.0" encoding="UTF-8"?><record xmlns="http://www.loc.gov/MARC21/slim" xmlns:cinclude="http://apache.org/cocoon/include/1.0" xmlns:zs="http://www.loc.gov/zing/srw/">
  <leader>00496cz  a2200157n  4500</leader>
  <controlfield tag="001">n  85159954 </controlfield>
  <controlfield tag="003">DLC</controlfield>
  <controlfield tag="005">20080621080352.0</controlfield>
  <controlfield tag="008">851122n| acannaabn          |a aaa      </controlfield>
  <datafield tag="010" ind1=" " ind2=" ">
    <subfield code="a">n  85159954 </subfield>
  </datafield>
  <datafield tag="035" ind1=" " ind2=" ">
    <subfield code="a">(OCoLC)oca01446555</subfield>
  </datafield>
  <datafield tag="040" ind1=" " ind2=" ">
    <subfield code="a">DLC</subfield>
    <subfield code="b">eng</subfield>
    <subfield code="c">DLC</subfield>
    <subfield code="d">DLC</subfield>
    <subfield code="d">OCoLC</subfield>
  </datafield>
  <datafield tag="100" ind1="1" ind2=" ">
    <subfield code="a">Gersdorff, Ernst August von,</subfield>
    <subfield code="d">1781-1852</subfield>
  </datafield>
  <datafield tag="400" ind1="1" ind2=" ">
    <subfield code="a">Von Gersdorff, Ernst August,</subfield>
    <subfield code="d">1781-1852</subfield>
  </datafield>
  <datafield tag="670" ind1=" " ind2=" ">
    <subfield code="a">TuĚmmler, H. Ernst August von Gersdorff, c1980:</subfield>
    <subfield code="b">p. 7 (b. 1781; d.1852)</subfield>
  </datafield>
  <datafield tag="675" ind1=" " ind2=" ">
    <subfield code="a">Brockhaus, 1930;</subfield>
    <subfield code="a">1969.</subfield>
  </datafield>
</record>